<?xml version="1.0" encoding="UTF-8"?>
<collection xmlns:xsi="http://www.w3.org/2001/XMLSchema-instance" xsi:schemaLocation="http://www.loc.gov/MARC21/slim http://www.loc.gov/standards/marcxml/schema/MARC21slim.xsd" xmlns="http://www.loc.gov/MARC21/slim">
<record>
  <leader>00986cam a22002411  4500</leader>
  <controlfield tag="001">4890959</controlfield>
  <controlfield tag="003">NNC</controlfield>
  <controlfield tag="005">20130501013834.0</controlfield>
  <controlfield tag="008">880428s1875    ua       d    000 0 ara d</controlfield>
  <datafield tag="035" ind1=" " ind2=" ">
    <subfield code="a">(OCoLC)56933737</subfield>
  </datafield>
  <datafield tag="035" ind1=" " ind2=" ">
    <subfield code="a">(OCoLC)ocm56933737</subfield>
  </datafield>
  <datafield tag="035" ind1=" " ind2=" ">
    <subfield code="a">(NNC)4890959</subfield>
  </datafield>
  <datafield tag="040" ind1=" " ind2=" ">
    <subfield code="a">NNC</subfield>
    <subfield code="c">NNC</subfield>
  </datafield>
  <datafield tag="100" ind1="1" ind2=" ">
    <subfield code="a">Jawharī, Ismāʻīl ibn Ḥammād,</subfield>
    <subfield code="d">-1003?</subfield>
  </datafield>
  <datafield tag="240" ind1="0" ind2="0">
    <subfield code="a">Tāj al-lughah wa-ṣiḥāḥ al-ʻArabīyah</subfield>
  </datafield>
  <datafield tag="245" ind1="1" ind2="3">
    <subfield code="a">Al-Ṣiḥāḥ fi al-lughah.</subfield>
  </datafield>
  <datafield tag="260" ind1=" " ind2=" ">
    <subfield code="a">[Bulāq] :</subfield>
    <subfield code="b">Bulāq,</subfield>
    <subfield code="c">1292 A.H. [1875 A.D.]</subfield>
  </datafield>
  <datafield tag="300" ind1=" " ind2=" ">
    <subfield code="a">2 v.</subfield>
    <subfield code="c">28 cm.</subfield>
  </datafield>
  <datafield tag="500" ind1=" " ind2=" ">
    <subfield code="a">A lexicon of the Arabic language, with his notes and introduction; on the margin a treatise entitled al-Wishāh, by ʻAbd al-Rahmān ibn ʻAbd al-Azīz al-Maghribī defending the Siḥāh against the strictures of al-Fīrūzābādī.</subfield>
  </datafield>
  <datafield tag="650" ind1=" " ind2="0">
    <subfield code="a">Arabic language</subfield>
    <subfield code="v">Dictionaries.</subfield>
  </datafield>
  <datafield tag="700" ind1="1" ind2=" ">
    <subfield code="a">Hūrīnī, Naṣr,</subfield>
    <subfield code="d">-1874 or 1875.</subfield>
  </datafield>
  <datafield tag="700" ind1="1" ind2=" ">
    <subfield code="a">Maghribī, ʻAbd al-Rahmān ibn ʻAbd al-Azīz.</subfield>
  </datafield>
  <datafield tag="955" ind1=" " ind2=" ">
    <subfield code="b">0036744484</subfield>
    <subfield code="d">glx</subfield>
    <subfield code="e">893.73 J251</subfield>
    <subfield code="v">v.1</subfield>
  </datafield>
</record>
</collection>